<collection xmlns="http://www.loc.gov/MARC21/slim"><record><leader>00963nam  2200289   450</leader><controlfield tag="001">218</controlfield><controlfield tag="003">http://montalegre.opacnet.com/OPAC/default.aspx?ContentAreaControl=ShowRegHoldings.ascx&amp;RegNo=16662</controlfield><datafield tag="021" ind1=" " ind2=" "><subfield code="a">PT</subfield><subfield code="b">12345</subfield></datafield><datafield tag="100" ind1=" " ind2=" "><subfield code="a">20061013d1986    m  y0pory0103    ba</subfield></datafield><datafield tag="101" ind1="1" ind2=" "><subfield code="a">por</subfield><subfield code="c">eng</subfield></datafield><datafield tag="102" ind1=" " ind2=" "><subfield code="a">PT</subfield></datafield><datafield tag="200" ind1="1" ind2=" "><subfield code="a">À espera dos bárbaros</subfield><subfield code="f">J. M. Coetzee</subfield><subfield code="g">tradução de José Agostinho Baptista</subfield></datafield><datafield tag="205" ind1=" " ind2=" "><subfield code="a">1ª ed</subfield></datafield><datafield tag="210" ind1=" " ind2=" "><subfield code="a">Lisboa</subfield><subfield code="c">Dom Quixote</subfield><subfield code="d">1986</subfield></datafield><datafield tag="215" ind1=" " ind2=" "><subfield code="a">136 p.</subfield><subfield code="d">24 cm</subfield></datafield><datafield tag="225" ind1="2" ind2=" "><subfield code="a">Ficção universal</subfield><subfield code="v">13</subfield></datafield><datafield tag="304" ind1=" " ind2=" "><subfield code="a">Tít. orig.: Waiting for the barbarians</subfield></datafield><datafield tag="334" ind1=" " ind2=" "><subfield code="a">James Tait Black Memorial Prize</subfield><subfield code="c">1980</subfield><subfield code="d">África do Sul</subfield></datafield><datafield tag="334" ind1=" " ind2=" "><subfield code="a">Booker Prize</subfield><subfield code="c">1983</subfield></datafield><datafield tag="334" ind1=" " ind2=" "><subfield code="a">Prémio Nobel de Literatura</subfield><subfield code="c">2003</subfield></datafield><datafield tag="606" ind1="1" ind2=" "><subfield code="a">Literatura sul-africana</subfield></datafield><datafield tag="608" ind1=" " ind2=" "><subfield code="a">Romance</subfield></datafield><datafield tag="675" ind1=" " ind2=" "><subfield code="a">821</subfield></datafield><datafield tag="700" ind1=" " ind2="1"><subfield code="a">Coetzee</subfield><subfield code="b">J. M</subfield><subfield code="f">1940</subfield></datafield><datafield tag="702" ind1=" " ind2="1"><subfield code="a">Baptista</subfield><subfield code="b">José Agostinho</subfield><subfield code="4">730</subfield></datafield><datafield tag="801" ind1=" " ind2="0"><subfield code="a">PT</subfield><subfield code="b">Biblioteca Municipal de Montalegre</subfield><subfield code="g">RPC</subfield></datafield><datafield tag="856" ind1=" " ind2=" "><subfield code="u">locateMedia.asp?cod=20060510143303&amp;ext=jpg</subfield><subfield code="z">CAPA</subfield></datafield><datafield tag="909" ind1="&#9;" ind2=" "><subfield code="a">1</subfield></datafield><datafield tag="966" ind1=" " ind2=" "><subfield code="a">0015383</subfield><subfield code="l">BMM</subfield><subfield code="s">SCG 821 COE esp 13</subfield></datafield></record></collection>